@MISC{gaussian-mixture,
	author = "Smason79",
	year = {2012},
	note = {[cit. 2018-04-01]},
	howpublished = {[online]},
	url = {https://commons.wikimedia.org/wiki/File:Gaussian-mixture-example.svg}
}

@INPROCEEDINGS{hmm-lawrence,
	cross-ref = "hmm-lawrence-proceedings",
	author = "Lawrence R. Rabiner",
	title = "A Tutorial on Hidden Markov Models and Selected Applications in Speech Recognition",
	year = "1989"
}

@PROCEEDINGS{hmm-lawrence-proceedings,
	title = "Proceedings of the IEEE",
	year = "1989",
	number = "2",
	volume = "77"
}

@ARTICLE{naive-bayesian-classifier,
 	title={Naive Bayesian Classifier},
	author={K. Ming Leung},
	journal={Polytechnic University Department of Computer Science/Finance and Risk Engineering},
	month={listopad},
	year={2007},
	howpublished = "[online]",
	note = {[cit. 2018-04-01]},
	url = "http://cis.poly.edu/~mleung/FRE7851/f07/naiveBayesianClassifier.pdf"
}

@ARTICLE{gaussian-mixture-em,
 	title={Mixture Models and the EM Algorithm},
	author={Padhraic Smyth},
	journal={Department of Computer Science, University of California, Irvine},
	year={2017},
	howpublished = "[online]",
	note = {[cit. 2018-04-01]},
	url = "http://www.ics.uci.edu/~smyth/courses/cs274/notes/mixture_models_EM.pdf"
}

@BOOK{clt-proof,
	title={Introduction to Probability},
	author={Charles Miller Grinstead and James Laurie Snell},
	isbn={9780821894149},
	lccn={97008126},
	year={2012},
	publisher={American Mathematical Society}
}

@BOOK{gaussian-distribution-widespread,
	title={Handbook of the Normal Distribution},
	edition={2},
	author={Jagdish K. Patel and Campbell B. Read},
	isbn={9780824793425},
	lccn={81017422},
	series={Statistics: A Series of Textbooks and Monographs},
	year={1996},
	publisher={Taylor \& Francis}
}

@MISC{robot-maze,
	author = "Princeton",
	year = {2006},
	note = {[cit. 2018-04-12]},
	howpublished = {[online]},
	url = {https://www.cs.princeton.edu/courses/archive/fall06/cos402/hw/hw5/hw5.html}
}

@MISC{machine-specification,
	author = "MetaCentrum",
	note = {[cit. 2018-04-12]},
	howpublished = {[online]},
	url = {https://metavo.metacentrum.cz/pbsmon2/resource/luna.fzu.cz}
}

@MISC{bayesian-networks,
	author = "Daniel Korzekwa",
	year = {2012},
	note = {[cit. 2018-04-16]},
	howpublished = {[online]},
	url = {https://github.com/danielkorzekwa/bayes-scala}
}

@article{spark,
	title={Spark: Cluster computing with working sets.},
	year= {2010},
	author={Zaharia, Matei and Chowdhury, Mosharaf and Franklin, Michael J and Shenker, Scott and Stoica, Ion}
}

@MISC{dnbc-scala,
	author = "Pavel Lučivňák",
	year = {2018},
	note = {[cit. 2018-04-26]},
	howpublished = {[online]},
	url = {https://github.com/lucivpav/dnbc-scala}
}

@ARTICLE{hmm-handwriting, 
	author={Mou-Yen Chen and Amlan Kundu and Jian Zhou}, 
	journal={IEEE Transactions on Pattern Analysis and Machine Intelligence}, 
	title={Off-line handwritten word recognition using a hidden Markov model type stochastic network}, 
	year={1994}, 
	volume={16}, 
	number={5}, 
	pages={481-496}, 
	keywords={character recognition;heuristic programming;hidden Markov models;image segmentation;mathematical morphology;signal detection;Viterbi algorithm;heuristics based segmentation algorithm;hidden Markov model type stochastic network;morphology;off-line handwritten word recognition;totally unconstrained handwritten word recognition;training algorithm;Character recognition;Handwriting recognition;Hidden Markov models;Morphology;Speech processing;Speech recognition;Stochastic processes;Text analysis;Viterbi algorithm;Writing}, 
	doi={10.1109/34.291449}, 
	ISSN={0162-8828}, 
	month={May}
}

@article{hmm-weather,
	title = "Forecasting of meteorological drought using Hidden Markov Model (case study: The upper Blue Nile river basin, Ethiopia)",
	journal = "Ain Shams Engineering Journal",
	volume = "7",
	number = "1",
	pages = "47 - 56",
	year = "2016",
	issn = "2090-4479",
	doi = "https://doi.org/10.1016/j.asej.2015.11.005",
	url = "http://www.sciencedirect.com/science/article/pii/S2090447915001811",
	author = "Mosaad Khadr",
	keywords = "Drought, Forecasting, Stochastic modeling, Blue Nile river basin"
}